<?xml version="1.0" encoding="utf-8"?>
<record xmlns="http://www.loc.gov/MARC21/slim" xmlns:xsi="http://www.w3.org/2001/XMLSchema-instance" xsi:schemaLocation="http://www.loc.gov/MARC21/slim http://www.loc.gov/standards/marcxml/schema/MARC21slim.xsd">
	<leader>     nam a22     Mi 4500</leader>
	<controlfield tag="001">b12661983</controlfield>
	<controlfield tag="003">LeBAU</controlfield>
	<controlfield tag="006">m        d        </controlfield>
	<controlfield tag="007">cr cn |||m|||a</controlfield>
	<controlfield tag="008">191218s1919    ae      ob    ||0 0 ara d</controlfield>
	<datafield ind1=" " ind2=" " tag="040">
		<subfield code="a">ZYU</subfield>
		<subfield code="b">ara</subfield>
		<subfield code="e">rda</subfield>
		<subfield code="c">ZYU</subfield>
	</datafield>
	<datafield ind1="0" ind2=" " tag="041">
		<subfield code="a">ara</subfield>
		<subfield code="b">fre</subfield>
	</datafield>
	<datafield ind1="0" ind2="4" tag="082">
		<subfield code="a">297.092</subfield>
		<subfield code="2">22</subfield>
	</datafield>
	<datafield ind1="1" ind2=" " tag="100">
		<subfield code="6">880-01</subfield>
		<subfield code="a">Ibn al-Abbār, Muḥammad ibn ʻAbd Allāh,</subfield>
		<subfield code="d">1199-1260,</subfield>
		<subfield code="e">author.</subfield>
	</datafield>
	<datafield ind1="1" ind2="0" tag="245">
		<subfield code="6">880-02</subfield>
		<subfield code="a">Kitāb al-Takmilah li-Kitāb al-ṣilah /</subfield>
		<subfield code="c">jamʻ al-faqīh al-imām al-fāḍil al-muḥaddith al-ḥāfiẓ al-nāqid al-kāmil al-kātib al-bāriʻ al-ḥāmil al-fāḍī al-jalīl al-ʻādil Abī ʻAbd Allāh Muḥammad ibn ʻAbd Allāh ibn Abī Bakr al-Faḍāʻī al-Balnasī al-maʻrūf bi-ibn al-Abbār ; ʻuniya bi-ṭabʻihi wa-taʻlīq ḥawāshihi al-shaykhān Alfrīd Bil, mudīr Madrasat Tilmisān wa-Ibn Abī Shanab, al-mudarris bi-Madrasat al-Jazā’ir.</subfield>
	</datafield>
	<datafield ind1="1" ind2="5" tag="245">
		<subfield code="a">TAKMILA-T-EṢṢILA </subfield>
	</datafield>
	<datafield ind1="3" ind2="0" tag="246">
		<subfield code="6">880-03</subfield>
		<subfield code="a">Takmilah li-Kitāb al-ṣilah</subfield>
	</datafield>
	<datafield ind1=" " ind2="1" tag="264">
		<subfield code="6">880-04</subfield>
		<subfield code="a">al-Jazāʼir :</subfield>
		<subfield code="b">al-Maṭbaʻah al-Sharafīyah,</subfield>
		<subfield code="c">1337 [H.] = 1919 [M.]</subfield>
	</datafield>
	<datafield ind1=" " ind2=" " tag="300">
		<subfield code="6">880-05</subfield>
		<subfield code="a">online resource (466, 22 pages)</subfield>
	</datafield>
	<datafield ind1=" " ind2=" " tag="336">
		<subfield code="a">text</subfield>
		<subfield code="2">rdacontent</subfield>
	</datafield>
	<datafield ind1=" " ind2=" " tag="337">
		<subfield code="a">computer</subfield>
		<subfield code="2">rdamedia</subfield>
	</datafield>
	<datafield ind1=" " ind2=" " tag="338">
		<subfield code="a">online resource</subfield>
		<subfield code="2">rdacarrier</subfield>
	</datafield>
	<datafield ind1=" " ind2=" " tag="500">
		<subfield code="a">&quot;القسم الأول المفقود من طبعة فدارة زيدين في مجريط سنة 1886 - 1889 ومن طبعة ڤنزالش پلنسية في مجريط سنة 1915.&quot;</subfield>
	</datafield>
	<datafield ind1=" " ind2=" " tag="500">
		<subfield code="a">Part of the Arabic Collections Online (ACO) project, contributed by American University of Beirut's Jafet Memorial Library.</subfield>
	</datafield>
	<datafield ind1=" " ind2=" " tag="504">
		<subfield code="a">يتضمن مراجع ببليوغرافية.</subfield>
	</datafield>
	<datafield ind1=" " ind2=" " tag="533">
		<subfield code="a">Electronic reproduction.</subfield>
		<subfield code="b">New York, N.Y. :</subfield>
		<subfield code="c">New York University,</subfield>
		<subfield code="d">2019.</subfield>
		<subfield code="5">NNU</subfield>
	</datafield>
	<datafield ind1=" " ind2=" " tag="546">
		<subfield code="a">النص بالعربية؛ مع مقدمة بالفرنسية.</subfield>
	</datafield>
	<datafield ind1=" " ind2="4" tag="650">
		<subfield code="a">العلماء (الاسلام)</subfield>
		<subfield code="z">اسبانيا</subfield>
		<subfield code="z">الاندلس</subfield>
		<subfield code="v">تراجم</subfield>
		<subfield code="v">اعمال قديمة حتى 1800.</subfield>
	</datafield>
	<datafield ind1=" " ind2="4" tag="650">
		<subfield code="a">المؤلفون العرب</subfield>
		<subfield code="z">اسبانيا</subfield>
		<subfield code="z">الاندلس</subfield>
		<subfield code="v">تراجم</subfield>
		<subfield code="v">اعمال قديمة حتى 1800.</subfield>
	</datafield>
	<datafield ind1=" " ind2="0" tag="650">
		<subfield code="a">Ulama</subfield>
		<subfield code="z">Spain</subfield>
		<subfield code="z">Andalusia</subfield>
		<subfield code="v">Biography</subfield>
		<subfield code="v">Early works to 1800.</subfield>
	</datafield>
	<datafield ind1=" " ind2="0" tag="650">
		<subfield code="a">Authors, Arab</subfield>
		<subfield code="z">Spain</subfield>
		<subfield code="z">Andalusia</subfield>
		<subfield code="v">Biography</subfield>
		<subfield code="v">Early works to 1800.</subfield>
	</datafield>
	<datafield ind1=" " ind2="4" tag="651">
		<subfield code="a">الاندلس (اسبانيا)</subfield>
		<subfield code="v">تراجم</subfield>
		<subfield code="v">اعمال قديمة حتى 1800.</subfield>
	</datafield>
	<datafield ind1=" " ind2="0" tag="651">
		<subfield code="a">Andalusia (Spain)</subfield>
		<subfield code="v">Biography</subfield>
		<subfield code="v">Early works to 1800.</subfield>
	</datafield>
	<datafield ind1="1" ind2=" " tag="700">
		<subfield code="6">880-06</subfield>
		<subfield code="a">Ben Cheneb, Mohammed,</subfield>
		<subfield code="q">(Alfred),</subfield>
		<subfield code="d">1869-1929,</subfield>
		<subfield code="e">compiler.</subfield>
	</datafield>
	<datafield ind1="1" ind2=" " tag="700">
		<subfield code="6">880-07</subfield>
		<subfield code="a">بنشنب، محمد،</subfield>
		<subfield code="d">1869-1929،</subfield>
		<subfield code="e">معد. </subfield>
		<subfield code="4">com.</subfield>
	</datafield>
	<datafield ind1="2" ind2=" " tag="710">
		<subfield code="a">Jafet Memorial Library.</subfield>
	</datafield>
	<datafield ind1="0" ind2=" " tag="730">
		<subfield code="a">Arabic Collections Online.</subfield>
	</datafield>
	<datafield ind1="0" ind2="8" tag="776">
		<subfield code="i">Print version:</subfield>
		<subfield code="a">Ibn al-Abbār, Muḥammad ibn ʻAbd Allāh, 1199-1260, author.</subfield>
		<subfield code="t">Kitāb al-Takmilah li-Kitāb al-ṣilah</subfield>
		<subfield code="w">(LeBAU)b12661983</subfield>
	</datafield>
	<datafield ind1="1" ind2="0" tag="780">
		<subfield code="6">880-08</subfield>
		<subfield code="i">is continuation of (work)</subfield>
		<subfield code="4">http://rdaregistry.info/Elements/w/P10226 :</subfield>
		<subfield code="a">Ibn Bashkuwāl, Khalaf ibn ʻAbd al-Malik, 1101-1183.</subfield>
		<subfield code="t">Kitāb al-ṣilah fī tārīkh aʼimmat al-Andalus wa-ʻulamāʼihim wa-muḥaddithīhim wa-fuqahāʼihim wa-udabāʼihim.</subfield>
		<subfield code="d"> al-Qāhirah : ʻIzzat al-ʻAṭṭār al-Ḥusaynī, 1374 H. = 1955 M.</subfield>
		<subfield code="w">(OCoLC)784453173</subfield>
		<subfield code="w">(OCoLC)784453173</subfield>
	</datafield>
	<datafield ind1="4" ind2="0" tag="856">
		<subfield code="u">http://hdl.handle.net/2333.1/jm63z2xk</subfield>
	</datafield>
	<datafield ind1="1" ind2=" " tag="880">
		<subfield code="6">100-01</subfield>
		<subfield code="a">إبن الأبار، محمد بن عبد الله،</subfield>
		<subfield code="d">1199-1260،</subfield>
		<subfield code="e">مؤلف. </subfield>
		<subfield code="4">aut.</subfield>
	</datafield>
	<datafield ind1="1" ind2="0" tag="880">
		<subfield code="6">245-02</subfield>
		<subfield code="a">كتاب التكملة لكتاب الصلة /</subfield>
		<subfield code="c">جمع الفقيه الإمام الفاضل المحدث الحافظ الناقد الكامل الكاتب البارع الحامل الفاضي الجليل العادل أبي عبد الله محمد بن عبد الله بن أبي بكر الفضاعي البلنسي المعروف بإبن الابار ؛ عني بطبعه وتعليق حواشيه الشيخان ألفريد بل، مدير مدرسة تلمسان وإبن أبي شنب، المدرس بمدرسة الجزائر.</subfield>
	</datafield>
	<datafield ind1="3" ind2="0" tag="880">
		<subfield code="6">246-03</subfield>
		<subfield code="a">التكملة لكتاب الصلة</subfield>
	</datafield>
	<datafield ind1=" " ind2="1" tag="880">
		<subfield code="6">264-04</subfield>
		<subfield code="a">الجزائر :</subfield>
		<subfield code="b">المطبعة الشرفية،</subfield>
		<subfield code="c">1337 [هـ.] = 1919 [م.]</subfield>
	</datafield>
	<datafield ind1=" " ind2=" " tag="880">
		<subfield code="6">300-05</subfield>
		<subfield code="a">466، 22 صفحة ؛</subfield>
		<subfield code="c">23 سم</subfield>
	</datafield>
	<datafield ind1="1" ind2=" " tag="880">
		<subfield code="6">700-06</subfield>
		<subfield code="a">بل، ا.</subfield>
		<subfield code="q">(ألفرد)،</subfield>
		<subfield code="d">1873-1945،</subfield>
		<subfield code="e">معد. </subfield>
		<subfield code="4">com.</subfield>
	</datafield>
	<datafield ind1="1" ind2="0" tag="880">
		<subfield code="6">780-08</subfield>
		<subfield code="i">مكمل ل (عمل)</subfield>
		<subfield code="4">http://rdaregistry.info/Elements/w/P10226 :</subfield>
		<subfield code="a">ابن بشكوال، خلف بن عبد الملك، 1101-1183.</subfield>
		<subfield code="t">كتاب الصلة في تاريخ أئمة الأندلس وعلمائهم ومحدثيهم وفقهائهم وأدبائهم.</subfield>
		<subfield code="d">القاهرة : عزت العطار الحسيني، 1374 هـ. = 1955 م.</subfield>
		<subfield code="w">b12661831</subfield>
		<subfield code="w">(OCoLC)784453173</subfield>
	</datafield>
	<datafield ind1="1" ind2=" " tag="880">
		<subfield code="6">700-07</subfield>
		<subfield code="a">Bel, A.</subfield>
		<subfield code="d">1873-1945,</subfield>
		<subfield code="e">compiler.</subfield>
	</datafield>
	<datafield ind1=" " ind2=" " tag="959">
		<subfield code="a">NNU</subfield>
		<subfield code="b">WEB</subfield>
		<subfield code="c">GENI</subfield>
		<subfield code="t">0</subfield>
		<subfield code="m">Electronic access</subfield>
		<subfield code="s">01</subfield>
	</datafield>
	<datafield ind1=" " ind2=" " tag="999">
		<subfield code="i">LeBAU_b12661983</subfield>
		<subfield code="s">aub_aco002843</subfield>
		<subfield code="e">(ERROR-880)(ERROR-MISC)</subfield>
	</datafield>
</record>
